%auto-ignore

@article{Bierlich:2019rhm,
    author = "Bierlich, Christian and others",
    title = "{Robust Independent Validation of Experiment and Theory: Rivet version 3}",
    eprint = "1912.05451",
    archivePrefix = "arXiv",
    primaryClass = "hep-ph",
    reportNumber = "MCnet-19-26",
    doi = "10.21468/SciPostPhys.8.2.026",
    journal = "SciPost Phys.",
    volume = "8",
    pages = "026",
    year = "2020"
}

@article{Giele:2007di,
    author = "Giele, Walter T. and Kosower, David A. and Skands, Peter Z.",
    title = "{A simple shower and matching algorithm}",
    eprint = "0707.3652",
    archivePrefix = "arXiv",
    primaryClass = "hep-ph",
    reportNumber = "FERMILAB-PUB-07-160-T, SACLAY-SPHT-T07-107",
    doi = "10.1103/PhysRevD.78.014026",
    journal = "Phys. Rev. D",
    volume = "78",
    pages = "014026",
    year = "2008"
}

@article{Bewick:2023tfi,
    author = "Bewick, Gavin and others",
    title = "{Herwig 7.3 release note}",
    eprint = "2312.05175",
    archivePrefix = "arXiv",
    primaryClass = "hep-ph",
    reportNumber = "CERN-TH-2023-223, HERWIG-2023-01, KA-TP-28-2023, MCnet-23-19,
  IPPP/23/66, MCnet-23-19, IPPP/23/66",
    doi = "10.1140/epjc/s10052-024-13211-9",
    journal = "Eur. Phys. J. C",
    volume = "84",
    number = "10",
    pages = "1053",
    year = "2024"
}

@article{Bierlich:2022pfr,
    author = "Bierlich, Christian and others",
    title = "{A comprehensive guide to the physics and usage of PYTHIA 8.3}",
    eprint = "2203.11601",
    archivePrefix = "arXiv",
    primaryClass = "hep-ph",
    reportNumber = "LU-TP 22-16, MCNET-22-04, FERMILAB-PUB-22-227-SCD",
    doi = "10.21468/SciPostPhysCodeb.8",
    journal = "SciPost Phys. Codeb.",
    volume = "2022",
    pages = "8",
    year = "2022"
}

@article{Kogler:2018hem,
    author = "{R. Kogler and others}",
    title = "{Jet substructure at the Large Hadron Collider: experimental review}",
    eprint = "1803.06991",
    archivePrefix = "arXiv",
    primaryClass = "hep-ex",
    reportNumber = "FERMILAB-PUB-18-123-PPD",
    doi = "10.1103/RevModPhys.91.045003",
    journal = "Rev. Mod. Phys.",
    volume = "91",
    pages = "045003",
    year = "2019"
}

@article{Andersson:1988gp,
    author = "Andersson, Bo and Gustafson, Gosta and L{\"o}nnblad, Leif and Pettersson, Ulf",
    title = "{Coherence effects in deep inelastic scattering}",
    reportNumber = "LU-TP-88-14",
    doi = "10.1007/BF01550942",
    journal = "Z. Phys. C",
    volume = "43",
    pages = "625",
    year = "1989"
}
@article{Dreyer:2018nbf,
    author = "Dreyer, Fr{\'e}d{\'e}ric A. and Salam, Gavin P. and Soyez, Gr{\'e}gory",
    title = "{The Lund jet plane}",
    eprint = "1807.04758",
    archivePrefix = "arXiv",
    primaryClass = "hep-ph",
    reportNumber = "CERN-TH-2018-151",
    doi = "10.1007/JHEP12(2018)064",
    journal = "JHEP",
    volume = "12",
    pages = "064",
    year = "2018"
}
@article{Lifson:2020gua,
    author = "Lifson, Andrew and Salam, Gavin P. and Soyez, Gregory",
    title = "{Calculating the primary Lund jet plane density}",
    eprint = "2007.06578",
    archivePrefix = "arXiv",
    primaryClass = "hep-ph",
    doi = "10.1007/JHEP10(2020)170",
    journal = "JHEP",
    volume = "10",
    pages = "170",
    year = "2020"
}


@article{ATLAS:2020bbn,
    author = "Aad, Georges and others",
    collaboration = "ATLAS",
    title = "{Measurement of the Lund jet plane using charged particles in 13 TeV proton-proton collisions with the ATLAS detector}",
    eprint = "2004.03540",
    archivePrefix = "arXiv",
    primaryClass = "hep-ex",
    reportNumber = "CERN-EP-2020-030",
    doi = "10.1103/PhysRevLett.124.222002",
    journal = "Phys. Rev. Lett.",
    volume = "124",
    pages = "222002",
    year = "2020"
}

@unpublished{ATLAS:2023jdw,
    author = "Aad, Georges and others",
    collaboration = "ATLAS",
    title = "{Measurement of jet substructure in boosted \ttbar events with the ATLAS detector using 140\fbinv of 13\TeV $\Pp\Pp$ collisions}",
    eprint = "2312.03797",
    archivePrefix = "arXiv",
    primaryClass = "hep-ex",
    reportNumber = "CERN-EP-2023-239",
    SLACcitation   = "%%CITATION = ARXIV:2312.03797;%%",
    year = "2023",
    note = "Submitted to \textit{Phys. Rev. D.}"
}

@article{Nagy:2003tz,
    author = "Nagy, Zoltan",
    title = "{Next-to-leading order calculation of three jet observables in hadron hadron collision}",
    eprint = "hep-ph/0307268",
    archivePrefix = "arXiv",
    doi = "10.1103/PhysRevD.68.094002",
    journal = "Phys. Rev. D",
    volume = "68",
    pages = "094002",
    year = "2003"
}

@article{PDF4LHCWorkingGroup:2022cjn,
    author = "Ball, Richard D. and others",
    collaboration = "PDF4LHC Working Group",
    title = "{The PDF4LHC21 combination of global PDF fits for the LHC Run III}",
    eprint = "2203.05506",
    archivePrefix = "arXiv",
    primaryClass = "hep-ph",
    reportNumber = "Edinburgh 2021/31, FERMILAB-PUB-22-121-QIS-SCD-T, MSUHEP-22-010,
  Nikhef 2021-033, SMU-HEP-22-01",
    doi = "10.1088/1361-6471/ac7216",
    journal = "J. Phys. G",
    volume = "49",
    number = "8",
    pages = "080501",
    year = "2022"
}

@article{Larkoski:2014wba,
    author = "Larkoski, Andrew J. and Marzani, Simone and Soyez, Gregory and Thaler, Jesse",
    title = "{Soft drop}",
    eprint = "1402.2657",
    archivePrefix = "arXiv",
    primaryClass = "hep-ph",
    reportNumber = "MIT-CTP-4531, DCPT-14-24, IPPP-14-12",
    doi = "10.1007/JHEP05(2014)146",
    journal = "JHEP",
    volume = "05",
    pages = "146",
    year = "2014"
}

@article{Andrews:2018jcm,
    author = "Andrews, Harry Arthur and others",
    title = "{Novel tools and observables for jet physics in heavy-ion collisions}",
    eprint = "1808.03689",
    archivePrefix = "arXiv",
    primaryClass = "hep-ph",
    reportNumber = "CERN-TH-2018-186, LU-TP 18-14, IFJPAN-IV-2018-8, MCNET-18-19",
    doi = "10.1088/1361-6471/ab7cbc",
    journal = "J. Phys. G",
    volume = "47",
    pages = "065102",
    year = "2020"
}


@article{OPAL:1991ssr,
    author = "Alexander, G. and others",
    collaboration = "OPAL",
    title = "{A Direct observation of quark - gluon jet differences at LEP}",
    reportNumber = "CERN-PPE-91-91",
    doi = "10.1016/0370-2693(91)90082-2",
    journal = "Phys. Lett. B",
    volume = "265",
    pages = "462--474",
    year = "1991"
}


@article{OPAL:1995ab,
    author = "Akers, R. and others",
    collaboration = "OPAL",
    title = "{A Model independent measurement of quark and gluon jet properties and differences}",
    reportNumber = "CERN-PPE-95-075, CERN-PPE-95-75",
    doi = "10.1007/BF01566667",
    journal = "Z. Phys. C",
    volume = "68",
    pages = "179--202",
    year = "1995"
}


@article{TOPAZ:1997kkz,
    author = "Nakabayashi, K. and others",
    collaboration = "TOPAZ",
    title = "{Charged particle multiplicities of quark and gluon jets in e+ e- annihilation at TRISTAN}",
    reportNumber = "DPNU-97-44, KEK-PREPRINT-97-140, NWU-HEP-97-01, TIT-HPE-97-07, TUAT-HEP-97-01, OCU-HEP-97-01, PU-97-705",
    doi = "10.1016/S0370-2693(97)01191-X",
    journal = "Phys. Lett. B",
    volume = "413",
    pages = "447--452",
    year = "1997"
}

@article{OPAL:1999jkz,
    author = "Abbiendi, G. and others",
    collaboration = "OPAL",
    title = "{Experimental properties of gluon and quark jets from a point source}",
    eprint = "hep-ex/9903027",
    archivePrefix = "arXiv",
    reportNumber = "CERN-EP-99-028",
    doi = "10.1007/s100520050628",
    journal = "Eur. Phys. J. C",
    volume = "11",
    pages = "217--238",
    year = "1999"
}

@article{DELPHI:1999alp,
    author = "Abreu, P. and others",
    collaboration = "DELPHI",
    title = "{Measurement of the gluon fragmentation function and a comparison of the scaling violation in gluon and quark jets}",
    reportNumber = "CERN-EP-99-144",
    doi = "10.1007/s100520050719",
    journal = "Eur. Phys. J. C",
    volume = "13",
    pages = "573--589",
    year = "2000"
}

@article{CLEO:1992fdq,
    author = "Alam, M. S. and others",
    collaboration = "CLEO",
    title = "{Shape studies of quark jets versus gluon jets at s**(1.2) = 10-GeV}",
    reportNumber = "CLNS-92-1145, CLEO-92-1",
    doi = "10.1103/PhysRevD.46.4822",
    journal = "Phys. Rev. D",
    volume = "46",
    pages = "4822--4827",
    year = "1992"
}

@article{Derrick:1985du,
    author = "Derrick, M. and others",
    title = "{Comparison of Charged Particle Multiplicities in Quark and Gluon Jets Produced in $e^+ e^-$ Annihilation at 29-{GeV}}",
    reportNumber = "ANL-HEP-PR-85-88, IUHEE-71, UM HE-85-20, PU-85-540",
    doi = "10.1016/0370-2693(85)91263-8",
    journal = "Phys. Lett. B",
    volume = "165",
    pages = "449--453",
    year = "1985"
}

@article{ALEPH:1994hlg,
    author = "Buskulic, D. and others",
    collaboration = "ALEPH",
    title = "{Study of the subjet structure of quark and gluon jets}",
    reportNumber = "CERN-PPE-94-208",
    doi = "10.1016/0370-2693(95)00037-L",
    journal = "Phys. Lett. B",
    volume = "346",
    pages = "389--398",
    year = "1995"
}

@article{OPAL:2001ekk,
    author = "Abbiendi, G. and others",
    collaboration = "OPAL",
    title = "{Particle multiplicity of unbiased gluon jets from $e^{+} e^{-}$ three jet events}",
    eprint = "hep-ex/0111013",
    archivePrefix = "arXiv",
    reportNumber = "CERN-EP-2001-076",
    doi = "10.1007/s100520200926",
    journal = "Eur. Phys. J. C",
    volume = "23",
    pages = "597--613",
    year = "2002"
}

@article{OPAL:2004prv,
    author = "Abbiendi, G. and others",
    collaboration = "OPAL",
    title = "{Scaling violations of quark and gluon jet fragmentation functions in e+ e- annihilations at s**(1/2) = 91.2-GeV and 183-GeV to 209-GeV}",
    eprint = "hep-ex/0404026",
    archivePrefix = "arXiv",
    reportNumber = "CERN-PH-EP-2004-011",
    doi = "10.1140/epjc/s2004-01964-4",
    journal = "Eur. Phys. J. C",
    volume = "37",
    number = "1",
    pages = "25--47",
    year = "2004"
}

@article{OPAL:2003wca,
    author = "Abbiendi, G. and others",
    collaboration = "OPAL",
    title = "{Experimental studies of unbiased gluon jets from $e^{+} e^{-}$ annihilations using the jet boost algorithm}",
    eprint = "hep-ex/0310048",
    archivePrefix = "arXiv",
    reportNumber = "CERN-EP-2003-067",
    doi = "10.1103/PhysRevD.69.032002",
    journal = "Phys. Rev. D",
    volume = "69",
    pages = "032002",
    year = "2004"
}


@article{Baron:2023hkp,
    author = "Baro\v{n}, Petr and Seymour, Michael H. and Si\'odmok, Andrzej",
    title = "{Novel approach to measure quark/gluon jets at the LHC}",
    eprint = "2307.15378",
    archivePrefix = "arXiv",
    primaryClass = "hep-ph",
    doi = "10.1140/epjc/s10052-023-12363-4",
    journal = "Eur. Phys. J. C",
    volume = "84",
    number = "1",
    pages = "28",
    year = "2024"
}

@article{Gallicchio:2011xc,
    author = "Gallicchio, Jason and Schwartz, Matthew D.",
    title = "{Pure Samples of Quark and Gluon Jets at the LHC}",
    eprint = "1104.1175",
    archivePrefix = "arXiv",
    primaryClass = "hep-ph",
    doi = "10.1007/JHEP10(2011)103",
    journal = "JHEP",
    volume = "10",
    pages = "103",
    year = "2011"
}

@article{Larkoski:2014pca,
    author = "Larkoski, Andrew J. and Thaler, Jesse and Waalewijn, Wouter J.",
    title = "{Gaining (Mutual) Information about Quark/Gluon Discrimination}",
    eprint = "1408.3122",
    archivePrefix = "arXiv",
    primaryClass = "hep-ph",
    reportNumber = "MIT--CTP-4572, NIKHEF-2014-026",
    doi = "10.1007/JHEP11(2014)129",
    journal = "JHEP",
    volume = "11",
    pages = "129",
    year = "2014"
}

@article{Gallicchio:2011xq,
    author = "Gallicchio, Jason and Schwartz, Matthew D.",
    title = "{Quark and Gluon Tagging at the LHC}",
    eprint = "1106.3076",
    archivePrefix = "arXiv",
    primaryClass = "hep-ph",
    doi = "10.1103/PhysRevLett.107.172001",
    journal = "Phys. Rev. Lett.",
    volume = "107",
    pages = "172001",
    year = "2011"
}

@article{Dolan:2022ikg,
    author = "Dolan, Matthew J. and Ore, Ayodele",
    title = "{Disentangling quark and gluon jets with normalizing flows}",
    eprint = "2211.16053",
    archivePrefix = "arXiv",
    primaryClass = "hep-ph",
    doi = "10.1103/PhysRevD.107.114003",
    journal = "Phys. Rev. D",
    volume = "107",
    number = "11",
    pages = "114003",
    year = "2023"
}

@article{Stewart:2022ari,
    author = "Stewart, Iain W. and Yao, Xiaojun",
    title = "{Pure quark and gluon observables in collinear drop}",
    eprint = "2203.14980",
    archivePrefix = "arXiv",
    primaryClass = "hep-ph",
    reportNumber = "MIT-CTP 5365",
    doi = "10.1007/JHEP09(2022)120",
    journal = "JHEP",
    volume = "09",
    pages = "120",
    year = "2022"
}

@article{Komiske:2022vxg,
    author = "Komiske, Patrick T. and Kryhin, Serhii and Thaler, Jesse",
    title = "{Disentangling quarks and gluons in CMS open data}",
    eprint = "2205.04459",
    archivePrefix = "arXiv",
    primaryClass = "hep-ph",
    reportNumber = "MIT-CTP 5422",
    doi = "10.1103/PhysRevD.106.094021",
    journal = "Phys. Rev. D",
    volume = "106",
    number = "9",
    pages = "094021",
    year = "2022"
}

@article{ATLAS:2014vax,
    author = "Aad, Georges and others",
    collaboration = "ATLAS",
    title = "{Light-quark and gluon jet discrimination in $pp$ collisions at $\sqrt{s}=7\mathrm {\ TeV}$ with the ATLAS detector}",
    eprint = "1405.6583",
    archivePrefix = "arXiv",
    primaryClass = "hep-ex",
    reportNumber = "CERN-PH-EP-2014-058",
    doi = "10.1140/epjc/s10052-014-3023-z",
    journal = "Eur. Phys. J. C",
    volume = "74",
    number = "8",
    pages = "3023",
    year = "2014"
}


@article{LeBlanc:2022bwd,
    author = "LeBlanc, Matt and Nachman, Benjamin and Sauer, Christof",
    title = "{Going off topics to demix quark and gluon jets in \ensuremath{\alpha}$_{S}$ extractions}",
    eprint = "2206.10642",
    archivePrefix = "arXiv",
    primaryClass = "hep-ph",
    doi = "10.1007/JHEP02(2023)150",
    journal = "JHEP",
    volume = "02",
    pages = "150",
    year = "2023"
}

@article{CMS-DP-2023-046,
      author = "{CMS Collaboration}",
      title         = "{Lund Plane Reweighting for Jet Substructure Correction}",
      year          = "2023",
      url           = "https://cds.cern.ch/record/2866330",
}


@article{ATLAS:2024dua,
    author = "Aad, Georges and others",
    collaboration = "ATLAS",
    title = "{Measurement of the Lund jet plane in hadronic decays of top quarks and W bosons with the ATLAS detector}",
    eprint = "2407.10879",
    archivePrefix = "arXiv",
    primaryClass = "hep-ex",
    reportNumber = "CERN-EP-2024-169",
    month = "7",
    year = "2024"
}

@ARTICLE{Larkoski:2017jix,
	AUTHOR=	"Larkoski, Andrew J. and Moult, Ian and Nachman, Benjamin",
	TITLE=	"Jet Substructure at the {Large Hadron Collider}: a Review of Recent Advances in Theory and Machine Learning",
	JOURNAL=	"Phys. Rept.",
	VOLUME=	"841",
	YEAR=	"2020",
	PAGES=	"1",
	DOI=	"10.1016/j.physrep.2019.11.001",
	EPRINT=	"1709.04464",
	ARCHIVEPREFIX=	"arXiv",
	PRIMARYCLASS=	"hep-ph",
	SLACCITATION=	"%%CITATION = ARXIV:1709.04464;%%",
}
@ARTICLE{Marzani:2019hun,
	AUTHOR=	"Marzani, Simone and Soyez, Gregory and Spannowsky, Michael",
	TITLE=	"Looking inside jets: an introduction to jet substructure and boosted-object phenomenology",
	EPRINT=	"1901.10342",
	ARCHIVEPREFIX=	"arXiv",
	PRIMARYCLASS=	"hep-ph",
	DOI=	"10.1007/978-3-030-15709-8",
	PUBLISHER=	"Springer",
	VOLUME=	"958",
	YEAR=	"2019",
	PAGES=	"1",
	JOURNAL=	"Lect. Notes Phys.",
}
@ARTICLE{Gras:2017jty,
	AUTHOR=	"Gras, Philippe and H{\"o}che, Stefan and Kar, Deepak and Larkoski, Andrew and L{\"o}nnblad, Leif and Pl{\"a}tzer, Simon and Si{\'o}dmok, Andrzej and Skands, Peter and Soyez, Gregory and Thaler, Jesse",
	TITLE=	"Systematics of quark/gluon tagging",
	JOURNAL=	"JHEP",
	VOLUME=	"07",
	YEAR=	"2017",
	PAGES=	"091",
	DOI=	"10.1007/JHEP07(2017)091",
	EPRINT=	"1704.03878",
	ARCHIVEPREFIX=	"arXiv",
	PRIMARYCLASS=	"hep-ph",
	REPORTNUMBER=	"MIT-CTP-4885, COEPP-MN-17-2, MCNET-17-04",
	SLACCITATION=	"%%CITATION = ARXIV:1704.03878;%%",
}

@ARTICLE{OPAL:1993uun,
	AUTHOR=	"Acton, P. D. and others",
	COLLABORATION=	"OPAL",
	TITLE=	"A study of differences between quark and gluon jets using vertex tagging of quark jets",
	REPORTNUMBER=	"CERN-PPE-93-02",
	DOI=	"10.1007/BF01557696",
	JOURNAL=	"Z. Phys. C",
	VOLUME=	"58",
	PAGES=	"387",
	YEAR=	"1993",
}

@ARTICLE{DELPHI:1995nzf,
	AUTHOR=	"Abreu, P. and others",
	COLLABORATION=	"DELPHI",
	TITLE=	"Energy dependence of the differences between the quark and gluon jet fragmentation",
	REPORTNUMBER=	"CERN-PPE-95-164",
	DOI=	"10.1007/s002880050095",
	JOURNAL=	"Z. Phys. C",
	VOLUME=	"70",
	PAGES=	"179",
	YEAR=	"1996",
}
@ARTICLE{ALEPH:1998pel,
	AUTHOR=	"Barate, R. and others",
	COLLABORATION=	"ALEPH",
	TITLE=	"Measurements of the structure of quark and gluon jets in hadronic {Z} decays",
	REPORTNUMBER=	"CERN-EP-98-016, CERN-EP-98-16",
	DOI=	"10.1007/s100520000474",
	JOURNAL=	"Eur. Phys. J. C",
	VOLUME=	"17",
	PAGES=	"1",
	YEAR=	"2000",
}
@ARTICLE{ALEPH:1995oxo,
	AUTHOR=	"Buskulic, D. and others",
	COLLABORATION=	"ALEPH",
	TITLE=	"Quark and gluon jet properties in symmetric three jet events",
	REPORTNUMBER=	"CERN-PPE-95-184",
	DOI=	"10.1016/0370-2693(96)00849-0",
	JOURNAL=	"Phys. Lett. B",
	VOLUME=	"384",
	PAGES=	"353",
	YEAR=	"1996",
}

Cite Article

@article{Metodiev:2018ftz,
    author = "Metodiev, Eric M. and Thaler, Jesse",
    title = "{Jet Topics: Disentangling Quarks and Gluons at Colliders}",
    eprint = "1802.00008",
    archivePrefix = "arXiv",
    primaryClass = "hep-ph",
    reportNumber = "MIT-CTP-4979",
    doi = "10.1103/PhysRevLett.120.241602",
    journal = "Phys. Rev. Lett.",
    volume = "120",
    number = "24",
    pages = "241602",
    year = "2018"
}


@ARTICLE{Barate:1996fi,
	AUTHOR=	"Barate, R. and others",
	COLLABORATION=	"ALEPH",
	TITLE=	"Studies of quantum chromodynamics with the {ALEPH} detector",
	REPORTNUMBER=	"CERN-PPE-96-186",
	DOI=	"10.1016/S0370-1573(97)00045-8",
	JOURNAL=	"Phys. Rept.",
	VOLUME=	"294",
	PAGES=	"1",
	YEAR=	"1998",
}
@ARTICLE{Aad:2019onw,
	AUTHOR=	"{ATLAS Collaboration}",
	TITLE=	"{Properties of jet fragmentation using charged particles measured with the {ATLAS} detector in pp collisions at $\sqrt{s}=13$ TeV}",
	JOURNAL=	"Phys. Rev. D",
	VOLUME=	"100",
	YEAR=	"2019",
	PAGES=	"052011",
	DOI=	"10.1103/PhysRevD.100.052011",
	EPRINT=	"1906.09254",
	ARCHIVEPREFIX=	"arXiv",
	PRIMARYCLASS=	"hep-ex",
	REPORTNUMBER=	"CERN-EP-2019-090",
	SLACCITATION=	"%%CITATION = ARXIV:1906.09254;%%",
}


@inproceedings{Andersen:2016qtm,
    author = "Andersen, J. R. and others",
    title = "{Les Houches 2015: Physics at TeV Colliders Standard Model Working Group Report}",
    booktitle = "{9th Les Houches Workshop on Physics at TeV Colliders}",
    eprint = "1605.04692",
    archivePrefix = "arXiv",
    primaryClass = "hep-ph",
    reportNumber = "FERMILAB-CONF-16-175-PPD-T",
    month = "5",
    year = "2016"
}

@proceedings{Proceedings:2018jsb,
    author = "Andersen, J. R. and others",
    title = "{Les Houches 2017: Physics at TeV Colliders Standard Model Working Group Report}",
    eprint = "1803.07977",
    archivePrefix = "arXiv",
    primaryClass = "hep-ph",
    reportNumber = "FERMILAB-CONF-18-122-CD-T, UWTHPH-2018-5",
    month = "3",
    year = "2018"
}

@article{ALEPH:2003obs,
    author = "Heister, A. and others",
    collaboration = "ALEPH",
    title = "{Studies of QCD at e+ e- centre-of-mass energies between 91-GeV and 209-GeV}",
    reportNumber = "CERN-EP-2003-084",
    doi = "10.1140/epjc/s2004-01891-4",
    journal = "Eur. Phys. J. C",
    volume = "35",
    pages = "457--486",
    year = "2004"
}

@article{OPAL:2004wof,
    author = "Abbiendi, G. and others",
    collaboration = "OPAL",
    title = "{Measurement of event shape distributions and moments in e+ e- ---\ensuremath{>} hadrons at 91-GeV - 209-GeV and a determination of alpha(s)}",
    eprint = "hep-ex/0503051",
    archivePrefix = "arXiv",
    reportNumber = "CERN-PH-EP-2004-044",
    doi = "10.1140/epjc/s2005-02120-6",
    journal = "Eur. Phys. J. C",
    volume = "40",
    pages = "287--316",
    year = "2005"
}
@article{ATLAS:2022xau,
    collaboration = "ATLAS",
    title = "{Dependence of the Jet Energy Scale on the Particle Content of Hadronic Jets in the ATLAS Detector Simulation}",
    reportNumber = "ATL-PHYS-PUB-2022-021",
    year = "2022"
}
@article{ATLAS:2020cli,
    author = "Aad, Georges and others",
    collaboration = "ATLAS",
    title = "{Jet energy scale and resolution measured in proton\textendash{}proton collisions at $\sqrt{s}=13$~TeV with the ATLAS detector}",
    eprint = "2007.02645",
    archivePrefix = "arXiv",
    primaryClass = "hep-ex",
    reportNumber = "CERN-EP-2020-083",
    doi = "10.1140/epjc/s10052-021-09402-3",
    journal = "Eur. Phys. J. C",
    volume = "81",
    number = "8",
    pages = "689",
    year = "2021"
}

@article{ATLAS:2024kkj,
    author = "Aad, Georges and others",
    collaboration = "ATLAS",
    title = "{A precise measurement of the jet energy scale derived from single-particle measurements and in situ techniques in proton-proton collisions at $\sqrt{s}=$ 13 TeV with the ATLAS detector}",
    eprint = "2407.15627",
    archivePrefix = "arXiv",
    primaryClass = "hep-ex",
    reportNumber = "CERN-EP-2024-195",
    month = "7",
    year = "2024"
}
@article{L3:2004cdh,
    author = "Achard, P. and others",
    collaboration = "L3",
    title = "{Studies of hadronic event structure in $e^{+} e^{-}$ annihilation from 30-GeV to 209-GeV with the L3 detector}",
    eprint = "hep-ex/0406049",
    archivePrefix = "arXiv",
    reportNumber = "CERN-PH-EP-2004-024, CERN-EP-PH-2004-024",
    doi = "10.1016/j.physrep.2004.07.002",
    journal = "Phys. Rept.",
    volume = "399",
    pages = "71--174",
    year = "2004"
}

@article{DELPHI:2003yqh,
    author = "Abdallah, J. and others",
    collaboration = "DELPHI",
    title = "{A Study of the energy evolution of event shape distributions and their means with the DELPHI detector at LEP}",
    eprint = "hep-ex/0307048",
    archivePrefix = "arXiv",
    reportNumber = "CERN-EP-2002-082",
    doi = "10.1140/epjc/s2003-01198-0",
    journal = "Eur. Phys. J. C",
    volume = "29",
    pages = "285--312",
    year = "2003"
}

@article{ATLAS:2024wrd,
    author = "Aad, Georges and others",
    collaboration = "ATLAS",
    title = "{Measurements of Lund subjet multiplicities in 13 TeV proton-proton collisions with the ATLAS detector}",
    eprint = "2402.13052",
    archivePrefix = "arXiv",
    primaryClass = "hep-ex",
    reportNumber = "CERN-EP-2024-029",
    doi = "10.1016/j.physletb.2024.139090",
    journal = "Phys. Lett. B",
    volume = "859",
    pages = "139090",
    year = "2024"
}

@article{CMS:2023lpp,
    author = "Hayrapetyan, Aram and others",
    collaboration = "CMS",
    title = "{Measurement of the primary Lund jet plane density in proton-proton collisions at $ \sqrt{\textrm{s}} $ = 13 TeV}",
    eprint = "2312.16343",
    archivePrefix = "arXiv",
    primaryClass = "hep-ex",
    reportNumber = "CMS-SMP-22-007, CERN-EP-2023-282",
    doi = "10.1007/JHEP05(2024)116",
    journal = "JHEP",
    volume = "05",
    pages = "116",
    year = "2024"
}

@techreport{ATL-PHYS-PUB-2023-017,
      collaboration = "ATLAS",
      title         = "{Tagging boosted $W$ bosons applying machine learning to
                       the Lund Jet Plane}",
      institution   = "CERN",
      reportNumber  = "ATL-PHYS-PUB-2023-017",
      address       = "Geneva",
      year          = "2023",
      url           = "https://cds.cern.ch/record/2864131",
      note          = "All figures including auxiliary figures are available at
                       https://atlas.web.cern.ch/Atlas/GROUPS/PHYSICS/PUBNOTES/ATL-PHYS-PUB-2023-017",
}

@inproceedings{Soyez:2017cwe,
    author = "Soyez, Gregory",
    title = "{Quark vs. Gluon Jets}",
    booktitle = "{Parton radiation and fragmentation from LHC to FCC-ee}",
    pages = "56--60",
    month = "2",
    year = "2017"
}

@article{dEnterria:2021xij,
    author = "d'Enterria, David and Poldaru, Andres and Wojcik, George",
    title = "{Measuring the electron Yukawa coupling via resonant s-channel Higgs production at FCC-ee}",
    eprint = "2107.02686",
    archivePrefix = "arXiv",
    primaryClass = "hep-ex",
    doi = "10.1140/epjp/s13360-021-02204-2",
    journal = "Eur. Phys. J. Plus",
    volume = "137",
    number = "2",
    pages = "201",
    year = "2022"
}

@TECHREPORT{CMS-PAS-JME-13-002,
	TITLE=	"{Performance of quark/gluon discrimination in 8 TeV $pp$ data}",
	COLLABORATION=	"{CMS}",
	TYPE=	"{CMS Physics Analysis Summary}",
	NUMBER=	"CMS-PAS-JME-13-002",
	YEAR=	"2013",
	REPORTNUMBER=	"CMS-PAS-JME-13-002",
	URL=	"https://cds.cern.ch/record/1599732",
}

@ARTICLE{Aad:2014gea,
	AUTHOR=	"{ATLAS Collaboration}",
	TITLE=	"{Light-quark and gluon jet discrimination in $\Pp\Pp$ collisions at $\sqrt{s}=7\TeV $ with the {ATLAS} detector}",
	EPRINT=	"1405.6583",
	ARCHIVEPREFIX=	"arXiv",
	PRIMARYCLASS=	"hep-ex",
	REPORTNUMBER=	"CERN-PH-EP-2014-058",
	DOI=	"10.1140/epjc/s10052-014-3023-z",
	JOURNAL=	"Eur. Phys. J. C",
	VOLUME=	"74",
	PAGES=	"3023",
	YEAR=	"2014",
}
@ARTICLE{Caletti:2021ysv,
	AUTHOR=	"Caletti, Simone and Fedkevych, Oleh and Marzani, Simone and Reichelt, Daniel",
	TITLE=	"{Tagging the initial-state gluon}",
	EPRINT=	"2108.10024",
	ARCHIVEPREFIX=	"arXiv",
	PRIMARYCLASS=	"hep-ph",
	REPORTNUMBER=	"MCNET-21-13",
	DOI=	"10.1140/epjc/s10052-021-09648-x",
	JOURNAL=	"Eur. Phys. J. C",
	VOLUME=	"81",
	NUMBER=	"9",
	PAGES=	"844",
	YEAR=	"2021",
}

@ARTICLE{Cacciari:2008gp,
	AUTHOR=	"Cacciari, Matteo and Salam, Gavin P. and Soyez, Gregory",
	TITLE=	"The anti-$k_t$ jet clustering algorithm",
	JOURNAL=	"JHEP",
	VOLUME=	"04",
	YEAR=	"2008",
	PAGES=	"063",
	DOI=	"10.1088/1126-6708/2008/04/063",
	EPRINT=	"0802.1189",
	ARCHIVEPREFIX=	"arXiv",
	PRIMARYCLASS=	"hep-ex",
}
@ARTICLE{Cacciari:2011ma,
	AUTHOR=	"Cacciari, Matteo and Salam, Gavin P. and Soyez, Gregory",
	TITLE=	"{FastJet} user manual",
	JOURNAL=	"Eur. Phys. J. C",
	VOLUME=	"72",
	PAGES=	"1896",
	DOI=	"10.1140/epjc/s10052-012-1896-2",
	YEAR=	"2012",
	EPRINT=	"1111.6097",
	ARCHIVEPREFIX=	"arXiv",
	PRIMARYCLASS=	"hep-ph",
	REPORTNUMBER=	"CERN-PH-TH-2011-297",
	SLACCITATION=	"%%CITATION = ARXIV:1111.6097;%%",
}


@ARTICLE{Sjostrand:2014zea,
	AUTHOR=	"Sj{\"o}strand, Torbj{\"o}rn and Ask, Stefan and Christiansen, Jesper R. and Corke, Richard and Desai, Nishita and Ilten, Philip and Mrenna, Stephen and Prestel, Stefan and Rasmussen, Christine O. and Skands, Peter Z.",
	TITLE=	"{An introduction to \PYTHIA{8.2}}",
	JOURNAL=	"Comput. Phys. Commun.",
	VOLUME=	"191",
	YEAR=	"2015",
	PAGES=	"159",
	DOI=	"10.1016/j.cpc.2015.01.024",
	EPRINT=	"1410.3012",
	ARCHIVEPREFIX=	"arXiv",
	PRIMARYCLASS=	"hep-ph",
	REPORTNUMBER=	"LU-TP-14-36, MCNET-14-22, CERN-PH-TH-2014-190, FERMILAB-PUB-14-316-CD, DESY-14-178, SLAC-PUB-16122",
	SLACCITATION=	"%%CITATION = ARXIV:1410.3012;%%",
}
@ARTICLE{Andersson:1983ia,
	AUTHOR=	"Andersson, Bo and Gustafson, G. and Ingelman, G. and Sj{\"o}strand, T.",
	TITLE=	"Parton fragmentation and string dynamics",
	JOURNAL=	"Phys. Rept.",
	VOLUME=	"97",
	YEAR=	"1983",
	PAGES=	"31",
	DOI=	"10.1016/0370-1573(83)90080-7",
	REPORTNUMBER=	"LU-TP-83-10",
	SLACCITATION=	"%%CITATION = PRPLC,97,31;%%",
}
@ARTICLE{Sjostrand:1984iu,
	AUTHOR=	"Sj{\"o}strand, Torbj{\"o}rn",
	TITLE=	"The merging of jets",
	JOURNAL=	"Phys. Lett. B",
	VOLUME=	"142",
	YEAR=	"1984",
	PAGES=	"420",
	DOI=	"10.1016/0370-2693(84)91354-6",
	REPORTNUMBER=	"DESY-84-019",
	SLACCITATION=	"%%CITATION = PHLTA,B142,420;%%",
}

@article{CMS:2021iwu,
    author = "Tumasyan, Armen and others",
    collaboration = "CMS",
    title = "{Study of quark and gluon jet substructure in $\PZ$+jet and dijet events from $\Pp\Pp$ collisions}",
    eprint = "2109.03340",
    archivePrefix = "arXiv",
    primaryClass = "hep-ex",
    reportNumber = "CMS-SMP-20-010, CERN-EP-2021-161",
    doi = "10.1007/JHEP01(2022)188",
    journal = "JHEP",
    volume = "01",
    pages = "188",
    year = "2022"
}

@ARTICLE{Alwall:2007fs,
	AUTHOR=	"Alwall, Johan and others",
	TITLE=	"Comparative study of various algorithms for the merging of parton showers and matrix elements in hadronic collisions",
	EPRINT=	"0706.2569",
	ARCHIVEPREFIX=	"arXiv",
	PRIMARYCLASS=	"hep-ph",
	REPORTNUMBER=	"SLAC-PUB-12604, CERN-PH-TH-2007-066, LU-TP-07-13, KA-TP-06-2007, DCPT-07-62, IPPP-07-31",
	DOI=	"10.1140/epjc/s10052-007-0490-5",
	JOURNAL=	"Eur. Phys. J. C",
	VOLUME=	"53",
	PAGES=	"473",
	YEAR=	"2008",
}
@ARTICLE{Skands:2014pea,
	AUTHOR=	"Skands, Peter and Carrazza, Stefano and Rojo, Juan",
	TITLE=	"{Tuning \PYTHIA{8.1}: the {Monash} 2013 tune}",
	JOURNAL=	"Eur. Phys. J. C",
	VOLUME=	"74",
	YEAR=	"2014",
	PAGES=	"3024",
	DOI=	"10.1140/epjc/s10052-014-3024-y",
	EPRINT=	"1404.5630",
	ARCHIVEPREFIX=	"arXiv",
	PRIMARYCLASS=	"hep-ph",
	REPORTNUMBER=	"CERN-PH-TH-2014-069, MCNET-14-08, OUTP-14-05P",
	SLACCITATION=	"%%CITATION = ARXIV:1404.5630;%%",
}
@ARTICLE{Khachatryan:2015pea,
	AUTHOR=	"{CMS Collaboration}",
	TITLE=	"Event generator tunes obtained from underlying event and multiparton scattering measurements",
	JOURNAL=	"Eur. Phys. J. C",
	VOLUME=	"76",
	YEAR=	"2016",
	PAGES=	"155",
	DOI=	"10.1140/epjc/s10052-016-3988-x",
	EPRINT=	"1512.00815",
	ARCHIVEPREFIX=	"arXiv",
	PRIMARYCLASS=	"hep-ex",
	REPORTNUMBER=	"CMS-GEN-14-001, CERN-PH-EP-2015-291",
	SLACCITATION=	"%%CITATION = ARXIV:1512.00815;%%",
}

@article{Hoche:2015sya,
    author = {H{\"o}che, Stefan and Prestel, Stefan},
    title = "{The midpoint between dipole and parton showers}",
    eprint = "1506.05057",
    archivePrefix = "arXiv",
    primaryClass = "hep-ph",
    reportNumber = "SLAC-PUB-16304, MCNET-15-13",
    doi = "10.1140/epjc/s10052-015-3684-2",
    journal = "Eur. Phys. J. C",
    volume = "75",
    pages = "461",
    year = "2015"
}

@ARTICLE{Bahr:2008pv,
	AUTHOR=	"B{\"a}hr, M. and others",
	TITLE=	"{\HERWIG{++} physics and manual}",
	JOURNAL=	"Eur. Phys. J. C",
	VOLUME=	"58",
	YEAR=	"2008",
	PAGES=	"639",
	DOI=	"10.1140/epjc/s10052-008-0798-9",
	EPRINT=	"0803.0883",
	ARCHIVEPREFIX=	"arXiv",
	PRIMARYCLASS=	"hep-ph",
	REPORTNUMBER=	"CERN-PH-TH-2008-038, CAVENDISH-HEP-08-03, KA-TP-05-2008, DCPT-08-22, IPPP-08-11, CP3-08-05",
	SLACCITATION=	"%%CITATION = ARXIV:0803.0883;%%",
}

@article{Brooks:2020upa,
    author = "Brooks, Helen and Preuss, Christian T. and Skands, Peter",
    title = "{Sector showers for hadron collisions}",
    eprint = "2003.00702",
    archivePrefix = "arXiv",
    primaryClass = "hep-ph",
    reportNumber = "CoEPP-MN-20-2, MCNET-20-09",
    doi = "10.1007/JHEP07(2020)032",
    journal = "JHEP",
    volume = "07",
    pages = "032",
    year = "2020"
}

@article{Krohn:2009th,
    author = "Krohn, David and Thaler, Jesse and Wang, Lian-Tao",
    title = "{Jet Trimming}",
    eprint = "0912.1342",
    archivePrefix = "arXiv",
    primaryClass = "hep-ph",
    doi = "10.1007/JHEP02(2010)084",
    journal = "JHEP",
    volume = "02",
    pages = "084",
    year = "2010"
}

@article{Czakon:2021mjy,
    author = "Czakon, Michal and Mitov, Alexander and Poncelet, Rene",
    title = "{Next-to-Next-to-Leading Order Study of Three-Jet Production at the LHC}",
    eprint = "2106.05331",
    archivePrefix = "arXiv",
    primaryClass = "hep-ph",
    reportNumber = "Cavendish-HEP-21/09, P3H-21-043, TTK-21-20",
    doi = "10.1103/PhysRevLett.127.152001",
    journal = "Phys. Rev. Lett.",
    volume = "127",
    number = "15",
    pages = "152001",
    year = "2021",
    note = "[Erratum: Phys.Rev.Lett. 129, 119901 (2022)]"
}

@article{Bellm:2019zci,
    author = "Bellm, Johannes and others",
    title = "{\textsc{herwig}7.2 release note}",
    eprint = "1912.06509",
    archivePrefix = "arXiv",
    primaryClass = "hep-ph",
    reportNumber = "MAN/HEP/2019/011, CERN-TH-2019-213, IFJPAN-IV-2019-18, HERWIG-2019-02, UWTHPH-19-36, KA-TP-24-2019, LU-TP 19-57, MCnet-19-28, IPPP/19/91",
    doi = "10.1140/epjc/s10052-020-8011-x",
    journal = "Eur. Phys. J. C",
    volume = "80",
    pages = "452",
    year = "2020"
}

@UNPUBLISHED{Bellm:2013hwb,
	AUTHOR=	"Bellm, J. and others",
	TITLE=	"{\textsc{herwig}++}2.7 release note",
	YEAR=	"2013",
	EPRINT=	"1310.6877",
	ARCHIVEPREFIX=	"arXiv",
	PRIMARYCLASS=	"hep-ph",
	REPORTNUMBER=	"IPPP-13-88, MCNET-13-15, DCPT-13-176, DESY-13-186, KA-TP-31-2013, ZU-TH-23-13",
	SLACCITATION=	"%%CITATION = ARXIV:1310.6877;%%",
}
@ARTICLE{Seymour:2013qka,
	AUTHOR=	"Seymour, Michael H. and Si{\'o}dmok, Andrzej",
	TITLE=	"Constraining {MPI} models using $\sigma_{\mathrm{eff}}$ and recent {Tevatron} and {LHC} Underlying Event data",
	JOURNAL=	"JHEP",
	VOLUME=	"10",
	YEAR=	"2013",
	PAGES=	"113",
	DOI=	"10.1007/JHEP10(2013)113",
	EPRINT=	"1307.5015",
	ARCHIVEPREFIX=	"arXiv",
	PRIMARYCLASS=	"hep-ph",
	REPORTNUMBER=	"MAN-HEP-2013-14, MCNET-13-08",
	SLACCITATION=	"%%CITATION = ARXIV:1307.5015;%%",
}
@ARTICLE{Gieseke:2003rz,
	AUTHOR=	"Gieseke, Stefan and Stephens, P. and Webber, Bryan",
	TITLE=	"New formalism for {QCD} parton showers",
	EPRINT=	"hep-ph/0310083",
	ARCHIVEPREFIX=	"arXiv",
	REPORTNUMBER=	"CAVENDISH-HEP-03-18, CERN-TH-2003-239",
	DOI=	"10.1088/1126-6708/2003/12/045",
	JOURNAL=	"JHEP",
	VOLUME=	"12",
	PAGES=	"045",
	YEAR=	"2003",
}
@ARTICLE{Webber:1983if,
	AUTHOR=	"Webber, B. R.",
	TITLE=	"A {QCD} model for jet fragmentation including soft gluon interference",
	REPORTNUMBER=	"CERN-TH-3713",
	DOI=	"10.1016/0550-3213(84)90333-X",
	JOURNAL=	"Nucl. Phys. B",
	VOLUME=	"238",
	PAGES=	"492",
	YEAR=	"1984",
}
@ARTICLE{Lindert:2017olm,
	AUTHOR=	"Lindert, J. M. and others",
	TITLE=	"Precise predictions for {V}+jets dark matter backgrounds",
	JOURNAL=	"Eur. Phys. J. C",
	VOLUME=	"77",
	YEAR=	"2017",
	PAGES=	"829",
	DOI=	"10.1140/epjc/s10052-017-5389-1",
	EPRINT=	"1705.04664",
	ARCHIVEPREFIX=	"arXiv",
	PRIMARYCLASS=	"hep-ph",
	REPORTNUMBER=	"CERN-TH-2017-102, CERN-LPCC-2017-02, IPPP-17-38, FERMILAB-PUB-17-152-T, ZU--TH-12-17",
	SLACCITATION=	"%%CITATION = ARXIV:1705.04664;%%",
}
@ARTICLE{Ball:2014uwa,
	AUTHOR=	"Ball, Richard D. and others",
	TITLE=	"Parton distributions for the {LHC Run 2}",
	COLLABORATION=	"NNPDF",
	JOURNAL=	"JHEP",
	VOLUME=	"04",
	YEAR=	"2015",
	PAGES=	"040",
	DOI=	"10.1007/JHEP04(2015)040",
	EPRINT=	"1410.8849",
	ARCHIVEPREFIX=	"arXiv",
	PRIMARYCLASS=	"hep-ph",
	REPORTNUMBER=	"EDINBURGH-2014-15, IFUM-1034-FT, CERN-PH-TH-2013-253, OUTP-14-11P, CAVENDISH-HEP-14-11",
	SLACCITATION=	"%%CITATION = ARXIV:1410.8849;%%",
}
@ARTICLE{Agostinelli:2002hh,
	AUTHOR=	"Agostinelli, S. and others",
	TITLE=	"{\GEANTfour}---a simulation toolkit",
	COLLABORATION=	"GEANT4",
	JOURNAL=	"Nucl. Instrum. Meth. A",
	VOLUME=	"506",
	PAGES=	"250",
	DOI=	"10.1016/S0168-9002(03)01368-8",
	YEAR=	"2003",
	REPORTNUMBER=	"SLAC-PUB-9350, FERMILAB-PUB-03-339",
	SLACCITATION=	"%%CITATION = NUIMA,A506,250;%%",
}

@article{Catani:1996vz,
    author = "Catani, S. and Seymour, M. H.",
    title = "{A general algorithm for calculating jet cross sections in NLO QCD}",
    eprint = "hep-ph/9605323",
    archivePrefix = "arXiv",
    reportNumber = "CERN-TH-96-029, CERN-TH-96-29",
    doi = "10.1016/S0550-3213(96)00589-5",
    journal = "Nucl. Phys. B",
    volume = "485",
    pages = "291",
    year = "1997",
    note           = "[Erratum: \DOI{10.1016/S0550-3213(98)81022-5}]",
}

@ARTICLE{Bellm:2015jjp,
	AUTHOR=	"Bellm, Johannes and others",
	TITLE=	"{\textsc{herwig}} 7.0/{\textsc{herwig}++} 3.0 release note",
	EPRINT=	"1512.01178",
	ARCHIVEPREFIX=	"arXiv",
	PRIMARYCLASS=	"hep-ph",
	REPORTNUMBER=	"CERN-PH-TH-2015-289, MAN-HEP-2015-15, IFJPAN-IV-2015-13, KA-TP-18-2015, DCPT-15-142, MCNET-15-28, IPPP-15-71, HERWIG-2015-01",
	DOI=	"10.1140/epjc/s10052-016-4018-8",
	JOURNAL=	"Eur. Phys. J. C",
	VOLUME=	"76",
	PAGES=	"196",
	YEAR=	"2016",
}

@ARTICLE{Bothmann:2019yzt,
	AUTHOR=	"Bothmann, Enrico and others",
	TITLE=	"{Event generation with \SHERPA{2.2}}",
	EPRINT=	"1905.09127",
	ARCHIVEPREFIX=	"arXiv",
	PRIMARYCLASS=	"hep-ph",
	REPORTNUMBER=	"FERMILAB-PUB-19-218-T, SLAC-PUB-17433, IPPP/19/42, MCNET-19-11",
	DOI=	"10.21468/SciPostPhys.7.3.034",
	JOURNAL=	"SciPost Phys.",
	VOLUME=	"7",
	PAGES=	"034",
	YEAR=	"2019",
}
@ARTICLE{Krauss:2001iv,
	AUTHOR=	"Krauss, F. and Kuhn, R. and Soff, G.",
	TITLE=	"{\textsc{amegic}++ 1.0: a matrix element generator in {C++}}",
	EPRINT=	"hep-ph/0109036",
	ARCHIVEPREFIX=	"arXiv",
	REPORTNUMBER=	"CAVENDISH-HEP-01-11",
	DOI=	"10.1088/1126-6708/2002/02/044",
	JOURNAL=	"JHEP",
	VOLUME=	"02",
	PAGES=	"044",
	YEAR=	"2002",
}
@ARTICLE{Gleisberg:2008fv,
	AUTHOR=	"Gleisberg, Tanju and H{\"o}che, Stefan",
	TITLE=	"Comix, a new matrix element generator",
	EPRINT=	"0808.3674",
	ARCHIVEPREFIX=	"arXiv",
	PRIMARYCLASS=	"hep-ph",
	REPORTNUMBER=	"SLAC-PUB-13232, IPPP-08-31, DCPT-08-62, MCNET-08-08",
	DOI=	"10.1088/1126-6708/2008/12/039",
	JOURNAL=	"JHEP",
	VOLUME=	"12",
	PAGES=	"039",
	YEAR=	"2008",
}
@ARTICLE{Catani:2001cc,
	AUTHOR=	"Catani, S. and Krauss, F. and Kuhn, R. and Webber, B. R.",
	TITLE=	"{QCD} matrix elements+parton showers",
	EPRINT=	"hep-ph/0109231",
	ARCHIVEPREFIX=	"arXiv",
	REPORTNUMBER=	"CERN-TH-2000-367, CAVENDISH-HEP-00-03",
	DOI=	"10.1088/1126-6708/2001/11/063",
	JOURNAL=	"JHEP",
	VOLUME=	"11",
	PAGES=	"063",
	YEAR=	"2001",
}
@ARTICLE{Krauss:2002up,
	AUTHOR=	"Krauss, F.",
	TITLE=	"Matrix elements and parton showers in hadronic interactions",
	EPRINT=	"hep-ph/0205283",
	ARCHIVEPREFIX=	"arXiv",
	DOI=	"10.1088/1126-6708/2002/08/015",
	JOURNAL=	"JHEP",
	VOLUME=	"08",
	PAGES=	"015",
	YEAR=	"2002",
}
@ARTICLE{Schalicke:2005nv,
	AUTHOR=	"Schalicke, Andreas and Krauss, Frank",
	TITLE=	"Implementing the {ME+PS} merging algorithm",
	EPRINT=	"hep-ph/0503281",
	ARCHIVEPREFIX=	"arXiv",
	DOI=	"10.1088/1126-6708/2005/07/018",
	JOURNAL=	"JHEP",
	VOLUME=	"07",
	PAGES=	"018",
	YEAR=	"2005",
}
@ARTICLE{Schumann:2007mg,
	AUTHOR=	"Schumann, Steffen and Krauss, Frank",
	TITLE=	"A parton shower algorithm based on {Catani--Seymour} dipole factorization",
	EPRINT=	"0709.1027",
	ARCHIVEPREFIX=	"arXiv",
	PRIMARYCLASS=	"hep-ph",
	REPORTNUMBER=	"DCPT-07-86, IPPP-07-43",
	DOI=	"10.1088/1126-6708/2008/03/038",
	JOURNAL=	"JHEP",
	VOLUME=	"03",
	PAGES=	"038",
	YEAR=	"2008",
}
@ARTICLE{Winter:2003tt,
	AUTHOR=	"Winter, Jan-Christopher and Krauss, Frank and Soff, Gerhard",
	TITLE=	"A modified cluster hadronization model",
	EPRINT=	"hep-ph/0311085",
	ARCHIVEPREFIX=	"arXiv",
	REPORTNUMBER=	"CERN-TH-2003-272",
	DOI=	"10.1140/epjc/s2004-01960-8",
	JOURNAL=	"Eur. Phys. J. C",
	VOLUME=	"36",
	PAGES=	"381",
	YEAR=	"2004",
}

@article{Medves:2022uii,
    author = "Medves, Rok and Soto-Ontoso, Alba and Soyez, Gregory",
    title = "{Lund multiplicity in QCD jets}",
    eprint = "2212.05076",
    archivePrefix = "arXiv",
    primaryClass = "hep-ph",
    reportNumber = "CERN-TH-2022-205, OUTP-22-13P",
    doi = "10.1007/JHEP04(2023)104",
    journal = "JHEP",
    volume = "04",
    pages = "104",
    year = "2023"
}

@article{Medves:2022ccw,
    author = "Medves, Rok and Soto-Ontoso, Alba and Soyez, Gregory",
    title = "{Lund and Cambridge multiplicities for precision physics}",
    eprint = "2205.02861",
    archivePrefix = "arXiv",
    primaryClass = "hep-ph",
    reportNumber = "OUTP-22-07P",
    doi = "10.1007/JHEP10(2022)156",
    journal = "JHEP",
    volume = "10",
    pages = "156",
    year = "2022"
}

@article{CMS:2020plq,
    author = "Sirunyan, Albert M and others",
    collaboration = "CMS",
    title = "{Measurement of quark- and gluon-like jet fractions using jet charge in PbPb and pp collisions at 5.02 TeV}",
    eprint = "2004.00602",
    archivePrefix = "arXiv",
    primaryClass = "hep-ex",
    reportNumber = "CMS-HIN-18-018, CERN-EP-2020-019",
    doi = "10.1007/JHEP07(2020)115",
    journal = "JHEP",
    volume = "07",
    pages = "115",
    year = "2020"
}

@article{Krohn:2012fg,
    author = "Krohn, David and Schwartz, Matthew D. and Lin, Tongyan and Waalewijn, Wouter J.",
    title = "{Jet Charge at the LHC}",
    eprint = "1209.2421",
    archivePrefix = "arXiv",
    primaryClass = "hep-ph",
    doi = "10.1103/PhysRevLett.110.212001",
    journal = "Phys. Rev. Lett.",
    volume = "110",
    number = "21",
    pages = "212001",
    year = "2013"
}

@techreport{ATL-PHYS-PUB-2022-021,
      collaboration = "ATLAS",
      title         = "{Dependence of the Jet Energy Scale on the Particle
                       Content of Hadronic Jets in the ATLAS Detector Simulation}",
      institution   = "CERN",
      reportNumber  = "ATL-PHYS-PUB-2022-021",
      address       = "Geneva",
      year          = "2022",
      url           = "https://cds.cern.ch/record/2808016",
      note          = "All figures including auxiliary figures are available at
                       https://atlas.web.cern.ch/Atlas/GROUPS/PHYSICS/PUBNOTES/ATL-PHYS-PUB-2022-021",
}



@article{CMS-DP-2020-019,
      collaboration = "CMS",
      title         = "{Jet energy scale and resolution performance with 13 TeV
                       data collected by CMS in 2016-2018}",
      year          = "2020",
      url           = "https://cds.cern.ch/record/2715872",
}

@article{ATLAS:2024png,
    author = "Aad, Georges and others",
    collaboration = "ATLAS",
    title = "{Measurements of jet cross-section ratios in 13~TeV proton-proton collisions with ATLAS}",
    eprint = "2405.20206",
    archivePrefix = "arXiv",
    primaryClass = "hep-ex",
    reportNumber = "CERN-EP-2024-119",
    doi = "10.1103/PhysRevD.110.072019",
    journal = "Phys. Rev. D",
    volume = "110",
    number = "7",
    pages = "072019",
    year = "2024"
}

@article{Zhang:2023oid,
    author = "Zhang, Shan-Liang and Wang, Enke and Xing, Hongxi and Zhang, Ben-Wei",
    title = "{Flavor dependence of jet quenching in heavy-ion collisions from a Bayesian analysis}",
    eprint = "2303.14881",
    archivePrefix = "arXiv",
    primaryClass = "hep-ph",
    doi = "10.1016/j.physletb.2024.138549",
    journal = "Phys. Lett. B",
    volume = "850",
    pages = "138549",
    year = "2024"
}

@article{Li:2019dre,
    author = "Li, Hai Tao and Vitev, Ivan",
    title = "{Jet charge modification in dense QCD matter}",
    eprint = "1908.06979",
    archivePrefix = "arXiv",
    primaryClass = "hep-ph",
    reportNumber = "LA-UR-19-30442",
    doi = "10.1103/PhysRevD.101.076020",
    journal = "Phys. Rev. D",
    volume = "101",
    pages = "076020",
    year = "2020"
}

@article{Kang:2021ryr,
    author = "Kang, Zhong-Bo and Liu, Xiaohui and Mantry, Sonny and Spraker, M. C. and Wilson, Tyler",
    title = "{Dynamic Jet Charge}",
    eprint = "2101.04304",
    archivePrefix = "arXiv",
    primaryClass = "hep-ph",
    doi = "10.1103/PhysRevD.103.074028",
    journal = "Phys. Rev. D",
    volume = "103",
    number = "7",
    pages = "074028",
    year = "2021"
}

@article{Komiske:2016rsd,
    author = "Komiske, Patrick T. and Metodiev, Eric M. and Schwartz, Matthew D.",
    title = "{Deep learning in color: towards automated quark/gluon jet discrimination}",
    eprint = "1612.01551",
    archivePrefix = "arXiv",
    primaryClass = "hep-ph",
    reportNumber = "MIT-CTP-4866, MIT-CTP 4866",
    doi = "10.1007/JHEP01(2017)110",
    journal = "JHEP",
    volume = "01",
    pages = "110",
    year = "2017"
}

@article{Komiske:2018vkc,
    author = "Komiske, Patrick T. and Metodiev, Eric M. and Thaler, Jesse",
    title = "{An operational definition of quark and gluon jets}",
    eprint = "1809.01140",
    archivePrefix = "arXiv",
    primaryClass = "hep-ph",
    reportNumber = "MIT-CTP 5042",
    doi = "10.1007/JHEP11(2018)059",
    journal = "JHEP",
    volume = "11",
    pages = "059",
    year = "2018"
}


@article{Chien:2018dfn,
    author = "Chien, Yang-Ting and Kunnawalkam Elayavalli, Raghav",
    title = "{Probing heavy ion collisions using quark and gluon jet substructure}",
    eprint = "1803.03589",
    archivePrefix = "arXiv",
    primaryClass = "hep-ph",
    reportNumber = "MIT-CTP 4947, WSU-HEP 1802, MIT-CTP-4947, WSU-HEP-1802",
    month = "3",
    year = "2018"
}

@article{Brewer:2020och,
    author = "Brewer, Jasmine and Thaler, Jesse and Turner, Andrew P.",
    title = "{Data-driven quark and gluon jet modification in heavy-ion collisions}",
    eprint = "2008.08596",
    archivePrefix = "arXiv",
    primaryClass = "hep-ph",
    reportNumber = "MIT-CTP 5219",
    doi = "10.1103/PhysRevC.103.L021901",
    journal = "Phys. Rev. C",
    volume = "103",
    number = "2",
    pages = "L021901",
    year = "2021"
}

@article{Brewer:2021hmh,
    author = "Brewer, Jasmine and Brodsky, Quinn and Rajagopal, Krishna",
    title = "{Disentangling jet modification in jet simulations and in Z+jet data}",
    eprint = "2110.13159",
    archivePrefix = "arXiv",
    primaryClass = "hep-ph",
    reportNumber = "CERN-TH-2021-163, MIT-CTP/5344",
    doi = "10.1007/JHEP02(2022)175",
    journal = "JHEP",
    volume = "02",
    pages = "175",
    year = "2022"
}

@article{Ying:2022jvy,
    author = "Ying, Yueyang and Brewer, Jasmine and Chen, Yi and Lee, Yen-Jie",
    title = "{Data-driven extraction of the substructure of quark and gluon jets in proton-proton and heavy-ion collisions}",
    eprint = "2204.00641",
    archivePrefix = "arXiv",
    primaryClass = "hep-ph",
    reportNumber = "MITHIG-TH-22-001, CERN-TH-2022-057",
    month = "4",
    year = "2022"
}

@inproceedings{Caola:2022ayt,
    author = "Caola, Fabrizio and Chen, Wen and Duhr, Claude and Liu, Xiaohui and Mistlberger, Bernhard and Petriello, Frank and Vita, Gherardo and Weinzierl, Stefan",
    title = "{The Path forward to N$^3$LO}",
    booktitle = "{Snowmass 2021}",
    eprint = "2203.06730",
    archivePrefix = "arXiv",
    primaryClass = "hep-ph",
    reportNumber = "SLAC-PUB-17658, BONN-TH-2022-06, MITP-22-021",
    month = "3",
    year = "2022"
}


@ARTICLE{Reichelt:2017hts,
	AUTHOR=	"Reichelt, Daniel and Richardson, Peter and Si{\'o}dmok, Andrzej",
	TITLE=	"{Improving the simulation of quark and gluon jets with HERWIG7}",
	EPRINT=	"1708.01491",
	ARCHIVEPREFIX=	"arXiv",
	PRIMARYCLASS=	"hep-ph",
	REPORTNUMBER=	"CERN-TH-2017-174, IFJPAN-IV-2017-16, MCNET-17-13",
	DOI=	"10.1140/epjc/s10052-017-5374-8",
	JOURNAL=	"Eur. Phys. J. C",
	VOLUME=	"77",
	PAGES=	"876",
	YEAR=	"2017",
}
@ARTICLE{Rubin:2010xp,
	AUTHOR=	"Rubin, Mathieu and Salam, Gavin P. and Sapeta, Sebastian",
	TITLE=	"Giant {QCD} {K}-factors beyond {NLO}",
	EPRINT=	"1006.2144",
	ARCHIVEPREFIX=	"arXiv",
	PRIMARYCLASS=	"hep-ph",
	DOI=	"10.1007/JHEP09(2010)084",
	JOURNAL=	"JHEP",
	VOLUME=	"09",
	PAGES=	"084",
	YEAR=	"2010",
}
@ARTICLE{Larkoski:2014uqa,
	AUTHOR=	"Larkoski, Andrew J. and Neill, Duff and Thaler, Jesse",
	TITLE=	"Jet Shapes with the Broadening Axis",
	JOURNAL=	"JHEP",
	VOLUME=	"04",
	YEAR=	"2014",
	PAGES=	"017",
	DOI=	"10.1007/JHEP04(2014)017",
	EPRINT=	"1401.2158",
	ARCHIVEPREFIX=	"arXiv",
	PRIMARYCLASS=	"hep-ph",
	REPORTNUMBER=	"MIT--CTP-4512",
	SLACCITATION=	"%%CITATION = ARXIV:1401.2158;%%",
}
@ARTICLE{Dokshitzer:1997in,
	AUTHOR=	"Dokshitzer, Yuri L. and Leder, G. D. and Moretti, S. and Webber, B. R.",
	TITLE=	"Better jet clustering algorithms",
	JOURNAL=	"JHEP",
	VOLUME=	"08",
	YEAR=	"1997",
	PAGES=	"001",
	DOI=	"10.1088/1126-6708/1997/08/001",
	EPRINT=	"hep-ph/9707323",
	ARCHIVEPREFIX=	"arXiv",
	PRIMARYCLASS=	"hep-ph",
	REPORTNUMBER=	"CAVENDISH-HEP-97-06",
	SLACCITATION=	"%%CITATION = HEP-PH/9707323;%%",
}

@inproceedings{Wobisch:1998wt,
    author = "Wobisch, M. and Wengler, T.",
    title = "{Hadronization corrections to jet cross sections in deep inelastic scattering}",
    booktitle = "{Workshop on Monte Carlo generators for HERA physics}",
    year = "1998",
    pages = "270",
    doi           = "10.48550/arXiv.hep-ph/9907280",
    eprint = "hep-ph/9907280",
    archivePrefix = "arXiv"
}

@article{CMS:2022kqg,
    author = "Tumasyan, Armen and others",
    collaboration = "CMS",
    title = "{Measurement of the differential \ttbar production cross section as a function of the jet mass and extraction of the top quark mass in hadronic decays of boosted top quarks}",
    eprint = "2211.01456",
    archivePrefix = "arXiv",
    primaryClass = "hep-ex",
    reportNumber = "CMS-TOP-21-012, CERN-EP-2022-222",
    doi = "10.1140/epjc/s10052-023-11587-8",
    journal = "Eur. Phys. J. C",
    volume = "83",
    pages = "560",
    year = "2023"
}

@article{ATLAS:2019kwg,
    author = "Aaboud, Morad and others",
    collaboration = "ATLAS",
    title = "{Measurement of jet substructure observables in top quark, \PW boson and light jet production in proton-proton collisions at $\sqrt{s}=13 TeV$ with the ATLAS detector}",
    eprint = "1903.02942",
    archivePrefix = "arXiv",
    primaryClass = "hep-ex",
    reportNumber = "CERN-EP-2019-011",
    doi = "10.1007/JHEP08(2019)033",
    journal = "JHEP",
    volume = "08",
    pages = "033",
    year = "2019"
}

@article{ATLAS:2022qxm,
    author = "Aad, Georges and others",
    collaboration = "ATLAS",
    title = "{ATLAS flavour-tagging algorithms for the LHC Run 2 pp collision dataset}",
    eprint = "2211.16345",
    archivePrefix = "arXiv",
    primaryClass = "physics.data-an",
    reportNumber = "CERN-EP-2022-226",
    doi = "10.1140/epjc/s10052-023-11699-1",
    journal = "Eur. Phys. J. C",
    volume = "83",
    number = "7",
    pages = "681",
    year = "2023"
}

@article{Qu:2019gqs,
    author = "Qu, Huilin and Gouskos, Loukas",
    title = "{ParticleNet: Jet Tagging via Particle Clouds}",
    eprint = "1902.08570",
    archivePrefix = "arXiv",
    primaryClass = "hep-ph",
    doi = "10.1103/PhysRevD.101.056019",
    journal = "Phys. Rev. D",
    volume = "101",
    number = "5",
    pages = "056019",
    year = "2020"
}

@article{CMS:2017wtu,
    author = "Sirunyan, A. M. and others",
    collaboration = "CMS",
    title = "{Identification of heavy-flavour jets with the CMS detector in pp collisions at 13 TeV}",
    eprint = "1712.07158",
    archivePrefix = "arXiv",
    primaryClass = "physics.ins-det",
    reportNumber = "CMS-BTV-16-002, CERN-EP-2017-326",
    doi = "10.1088/1748-0221/13/05/P05011",
    journal = "JINST",
    volume = "13",
    number = "05",
    pages = "P05011",
    year = "2018"
}

@article{ATLAS:2025dkv,
    author = "Aad, Georges and others",
    collaboration = "ATLAS",
    title = "{Transforming jet flavour tagging at ATLAS}",
    eprint = "2505.19689",
    archivePrefix = "arXiv",
    primaryClass = "hep-ex",
    reportNumber = "CERN-EP-2025-103",
    month = "5",
    year = "2025"
}

@article{Chen:2024nyc,
    author = "Chen, Hao and Monni, Pier Francesco and Xu, Zhen and Zhu, Hua Xing",
    title = "{Scaling Violation in Power Corrections to Energy Correlators from the Light-Ray Operator Product Expansion}",
    eprint = "2406.06668",
    archivePrefix = "arXiv",
    primaryClass = "hep-ph",
    reportNumber = "CERN-TH-2024-084",
    doi = "10.1103/PhysRevLett.133.231901",
    journal = "Phys. Rev. Lett.",
    volume = "133",
    number = "23",
    pages = "231901",
    year = "2024"
}

@article{ATLAS:2019mgf,
    author = "Aad, Georges and others",
    collaboration = "ATLAS",
    title = "{Measurement of soft-drop jet observables in $pp$ collisions with the ATLAS detector at $\sqrt{s}=13 TeV$}",
    eprint = "1912.09837",
    archivePrefix = "arXiv",
    primaryClass = "hep-ex",
    reportNumber = "CERN-EP-2019-269",
    doi = "10.1103/PhysRevD.101.052007",
    journal = "Phys. Rev. D",
    volume = "101",
    pages = "052007",
    year = "2020"
}

@article{Banfi:2004yd,
    author = "Banfi, Andrea and Salam, Gavin P. and Zanderighi, Giulia",
    title = "{Principles of general final-state resummation and automated implementation}",
    eprint = "hep-ph/0407286",
    archivePrefix = "arXiv",
    reportNumber = "FERMILAB-PUB-04-116-T, LPTHE-04-16, NIKHEF-2004-005",
    doi = "10.1088/1126-6708/2005/03/073",
    journal = "JHEP",
    volume = "03",
    pages = "073",
    year = "2005"
}

@book{Kogler:2021kkw,
    author = "Kogler, Roman",
    title = "{Advances in jet substructure at the LHC: algorithms, measurements, and searches for new physical phenomena}",
    doi = "10.1007/978-3-030-72858-8",
    isbn = "978-3-030-72857-1, 978-3-030-72858-8",
    publisher = "Springer",
    volume = "284",
    year = "2021"
}

@ARTICLE{Sjostrand:1987su,
	DOI=	"10.1103/PhysRevD.36.2019",
	TITLE=	"{A multiple-interaction model for the event structure in hadron collisions}",
	JOURNAL=	"Phys. Rev. D",
	AUTHOR=	"Sj{\"o}strand, Torbj{\"o}rn and van Zijl, Maria",
	VOLUME=	"36",
	REPORTNUMBER=	"LU-TP-87-5",
	SLACCITATION=	"%%CITATION = PHRVA,D36,2019;%%",
	YEAR=	"1987",
	PAGES=	"2019",
}
@ARTICLE{Butterworth:1996zw,
	DOI=	"10.1007/s002880050286",
	SLACCITATION=	"%%CITATION = HEP-PH/9601371;%%",
	TITLE=	"{Multiparton interactions in photoproduction at HERA}",
	JOURNAL=	"Z. Phys. C",
	AUTHOR=	"Butterworth, J. M. and Forshaw, Jeffrey R. and Seymour, M. H.",
	VOLUME=	"72",
	REPORTNUMBER=	"CERN-TH-96-82, M-C-TH-96-05, UCL-HEP-96-02",
	EPRINT=	"hep-ph/9601371",
	PRIMARYCLASS=	"hep-ph",
	YEAR=	"1996",
	ARCHIVEPREFIX=	"arXiv",
	PAGES=	"637",
}
@ARTICLE{Borozan:2002fk,
	DOI=	"10.1088/1126-6708/2002/09/015",
	SLACCITATION=	"%%CITATION = HEP-PH/0207283;%%",
	TITLE=	"{An eikonal model for multiparticle production in hadron-hadron interactions}",
	JOURNAL=	"JHEP",
	AUTHOR=	"Borozan, I. and Seymour, M. H.",
	VOLUME=	"09",
	REPORTNUMBER=	"MC-TH-2002-4",
	EPRINT=	"hep-ph/0207283",
	PRIMARYCLASS=	"hep-ph",
	YEAR=	"2002",
	ARCHIVEPREFIX=	"arXiv",
	PAGES=	"015",
}

@article{Pablos:2022mrx,
    author = "Pablos, Daniel and Soto-Ontoso, Alba",
    title = "{Pushing forward jet substructure measurements in heavy-ion collisions}",
    eprint = "2210.07901",
    archivePrefix = "arXiv",
    primaryClass = "hep-ph",
    reportNumber = "CERN-TH-2022-164",
    doi = "10.1103/PhysRevD.107.094003",
    journal = "Phys. Rev. D",
    volume = "107",
    number = "9",
    pages = "094003",
    year = "2023"
}

@ARTICLE{Bahr:2008dy,
	DOI=	"10.1088/1126-6708/2008/07/076",
	SLACCITATION=	"%%CITATION = ARXIV:0803.3633;%%",
	TITLE=	"{Simulation of multiple partonic interactions in \HERWIG{++}}",
	JOURNAL=	"JHEP",
	AUTHOR=	"Bahr, Manuel and Gieseke, Stefan and Seymour, Michael H.",
	VOLUME=	"07",
	REPORTNUMBER=	"CERN-PH-TH-2008-055, KA-TP-08-2008",
	EPRINT=	"0803.3633",
	PRIMARYCLASS=	"hep-ph",
	YEAR=	"2008",
	ARCHIVEPREFIX=	"arXiv",
	PAGES=	"076",
}
@ARTICLE{Gieseke:2012ft,
	DOI=	"10.1140/epjc/s10052-012-2225-5",
	SLACCITATION=	"%%CITATION = ARXIV:1206.0041;%%",
	TITLE=	"{Color reconnections in HERWIG++}",
	JOURNAL=	"Eur. Phys. J. C",
	AUTHOR=	"Gieseke, Stefan and Rohr, Christian and Si{\'o}dmok, Andrzej",
	VOLUME=	"72",
	REPORTNUMBER=	"MCNET-12-06, KA-TP-17-2012, MAN-HEP-2012-03",
	EPRINT=	"1206.0041",
	PRIMARYCLASS=	"hep-ph",
	YEAR=	"2012",
	ARCHIVEPREFIX=	"arXiv",
	PAGES=	"2225",
}


@ARTICLE{Dasgupta:2013ihk,
	AUTHOR=	"Dasgupta, Mrinal and Fregoso, Alessandro and Marzani, Simone and Salam, Gavin P.",
	TITLE=	"Towards an understanding of jet substructure",
	JOURNAL=	"JHEP",
	VOLUME=	"09",
	YEAR=	"2013",
	PAGES=	"029",
	DOI=	"10.1007/JHEP09(2013)029",
	EPRINT=	"1307.0007",
	ARCHIVEPREFIX=	"arXiv",
	PRIMARYCLASS=	"hep-ph",
	REPORTNUMBER=	"CERN-PH-TH-2013-145, DCPT-13-86, IPPP-13-43, LPN13-036, MAN-HEP-2013-12",
	SLACCITATION=	"%%CITATION = ARXIV:1307.0007;%%",
}
@ARTICLE{Butterworth:2008iy,
	AUTHOR=	"Butterworth, Jonathan M. and Davison, Adam R. and Rubin, Mathieu and Salam, Gavin P.",
	TITLE=	"Jet substructure as a new {Higgs} search channel at the {LHC}",
	JOURNAL=	"Phys. Rev. Lett.",
	VOLUME=	"100",
	YEAR=	"2008",
	PAGES=	"242001",
	DOI=	"10.1103/PhysRevLett.100.242001",
	EPRINT=	"0802.2470",
	ARCHIVEPREFIX=	"arXiv",
	PRIMARYCLASS=	"hep-ph",
	SLACCITATION=	"%%CITATION = ARXIV:0802.2470;%%",
}


	

@article{CMS:2019csb,
    author = "Sirunyan, Albert M and others",
    collaboration = "CMS",
    title = "{Extraction and validation of a new set of CMS \PYTHIA{8} tunes from underlying-event measurements}",
    eprint = "1903.12179",
    archivePrefix = "arXiv",
    primaryClass = "hep-ex",
    reportNumber = "CMS-GEN-17-001, CERN-EP-2019-007",
    doi = "10.1140/epjc/s10052-019-7499-4",
    journal = "Eur. Phys. J. C",
    volume = "80",
    pages = "4",
    year = "2020"
}



@article{Dasgupta:2014yra,
    author = "Dasgupta, Mrinal and Dreyer, Fr{\'e}d{\'e}ric and Salam, Gavin P. and Soyez, Gregory",
    title = "{Small-radius jets to all orders in QCD}",
    eprint = "1411.5182",
    archivePrefix = "arXiv",
    primaryClass = "hep-ph",
    reportNumber = "CERN-PH-TH-2014-222",
    doi = "10.1007/JHEP04(2015)039",
    journal = "JHEP",
    volume = "04",
    pages = "039",
    year = "2015"
}


@article{Hamilton:2020rcu,
    author = "Hamilton, Keith and Medves, Rok and Salam, Gavin P. and Scyboz, Ludovic and Soyez, Gregory",
    title = "{Color and logarithmic accuracy in final-state parton showers}",
    eprint = "2011.10054",
    archivePrefix = "arXiv",
    primaryClass = "hep-ph",
    doi = "10.1007/JHEP03(2021)041",
    volume = "03",
    journal = "JHEP",
    pages = "041",
    year = "2021"
}

@article{vanBeekveld:2022zhl,
    author = "van Beekveld, Melissa and Ferrario Ravasio, Silvia and Salam, Gavin P. and Soto-Ontoso, Alba and Soyez, Gregory and Verheyen, Rob",
    title = "{PanScales parton showers for hadron collisions: formulation and fixed-order studies}",
    eprint = "2205.02237",
    archivePrefix = "arXiv",
    primaryClass = "hep-ph",
    reportNumber = "OUTP-22-06P",
    doi = "10.1007/JHEP11(2022)019",
    journal = "JHEP",
    volume = "11",
    pages = "019",
    year = "2022"
}

@article{vanBeekveld:2022ukn,
    author = "van Beekveld, Melissa and Ferrario Ravasio, Silvia and Hamilton, Keith and Salam, Gavin P. and Soto-Ontoso, Alba and Soyez, Gregory and Verheyen, Rob",
    title = "{{PanScales} showers for hadron collisions: all-order validation}",
    eprint = "2207.09467",
    archivePrefix = "arXiv",
    primaryClass = "hep-ph",
    reportNumber = "OUTP-22-10P",
    doi = "10.1007/JHEP11(2022)020",
    journal = "JHEP",
    volume = "11",
    pages = "020",
    year = "2022"
}

@article{Dasgupta:2018nvj,
    author = "Dasgupta, Mrinal and Dreyer, Fr{\'e}d{\'e}ric A. and Hamilton, Keith and Monni, Pier Francesco and Salam, Gavin P.",
    title = "{Logarithmic accuracy of parton showers: a fixed-order study}",
    eprint = "1805.09327",
    archivePrefix = "arXiv",
    primaryClass = "hep-ph",
    reportNumber = "CERN-TH-2018-113",
    doi = "10.1007/JHEP09(2018)033",
    journal = "JHEP",
    volume = "09",
    pages = "033",
    year = "2018",
    note           = "[Erratum: \DOI{10.1007/JHEP03(2020)083}]",
}


@article{Dasgupta:2020fwr,
    author = "Dasgupta, Mrinal and Dreyer, Fr{\'e}d{\'e}ric A. and Hamilton, Keith and Monni, Pier Francesco and Salam, Gavin P. and Soyez, Gregory",
    title = "{Parton showers beyond leading logarithmic accuracy}",
    eprint = "2002.11114",
    archivePrefix = "arXiv",
    primaryClass = "hep-ph",
    reportNumber = "CERN-TH-2020-026",
    doi = "10.1103/PhysRevLett.125.052002",
    volume = "125",
    journal = "Phys. Rev. Lett.",
    pages = "052002",
    year = "2020"
}


@article{Bewick:2019rbu,
    author = "Bewick, Gavin and Ferrario Ravasio, Silvia and Richardson, Peter and Seymour, Michael H.",
    title = "{Logarithmic accuracy of angular-ordered parton showers}",
    eprint = "1904.11866",
    archivePrefix = "arXiv",
    primaryClass = "hep-ph",
    reportNumber = "MAN/HEP/2019/003, CERN-TH-2019-047, MCnet-19-08, IPPP/19/30",
    doi = "10.1007/JHEP04(2020)019",
    journal = "JHEP",
    volume = "04",
    pages = "019",
    year = "2020"
}


@article{CMS:2016lmd,
      author         = "Khachatryan, Vardan and others",
      title          = "{Jet energy scale and resolution in the CMS experiment in $pp$ collisions at 8 TeV}",
      collaboration  = "CMS",
      journal        = "JINST",
      volume         = "12",
      year           = "2017",
      pages          = "P02014",
      doi            = "10.1088/1748-0221/12/02/P02014",
      eprint         = "1607.03663",
      archivePrefix  = "arXiv",
      primaryClass   = "hep-ex",
      reportNumber   = "CMS-JME-13-004, CERN-PH-EP-2015-305",
      SLACcitation   = "%%CITATION = ARXIV:1607.03663;%%"
}

@article{Dreyer:2020brq,
    author = "Dreyer, Fr\'ed\'eric A. and Qu, Huilin",
    title = "{{J}et tagging in the {L}und plane with graph networks}",
    eprint = "2012.08526",
    archivePrefix = "arXiv",
    primaryClass = "hep-ph",
    reportNumber = "OUTP-20-15P",
    doi = "10.1007/JHEP03(2021)052",
    journal = "JHEP",
    volume = "03",
    pages = "052",
    year = "2021"
}

@article{Cavallini:2021vot,
    author = "Cavallini, Luca and Coccaro, Andrea and Khosa, Charanjit K. and Manco, Giulia and Marzani, Simone and Parodi, Fabrizio and Rebuzzi, Daniela and Rescia, Alberto and Stagnitto, Giovanni",
    title = "{Tagging the {H}iggs boson decay to bottom quarks with color-sensitive observables and the {L}und jet plane}",
    eprint = "2112.09650",
    archivePrefix = "arXiv",
    primaryClass = "hep-ph",
    reportNumber = "ZU-TH 50/21",
    doi = "10.1140/epjc/s10052-022-10447-1",
    journal = "Eur. Phys. J. C",
    volume = "82",
    pages = "493",
    year = "2022"
}

@article{Chen:2020vvp,
    author = "Chen, Hao and Moult, Ian and Zhang, XiaoYuan and Zhu, Hua Xing",
    title = "{Rethinking jets with energy correlators: Tracks, resummation, and analytic continuation}",
    eprint = "2004.11381",
    archivePrefix = "arXiv",
    primaryClass = "hep-ph",
    doi = "10.1103/PhysRevD.102.054012",
    journal = "Phys. Rev. D",
    volume = "102",
    number = "5",
    pages = "054012",
    year = "2020"
}

@article{Mo:2017gzp,
    author = "Mo, Jonathan and Tackmann, Frank J. and Waalewijn, Wouter J.",
    title = "{A case study of quark-gluon discrimination at NNLL' in comparison to parton showers}",
    eprint = "1708.00867",
    archivePrefix = "arXiv",
    primaryClass = "hep-ph",
    reportNumber = "DESY-17-111, NIKHEF-2017-031",
    doi = "10.1140/epjc/s10052-017-5365-9",
    journal = "Eur. Phys. J. C",
    volume = "77",
    number = "11",
    pages = "770",
    year = "2017"
}


@article{Frye:2017yrw,
    author = "Frye, Christopher and Larkoski, Andrew J. and Thaler, Jesse and Zhou, Kevin",
    title = "{Casimir Meets Poisson: Improved Quark/Gluon Discrimination with Counting Observables}",
    eprint = "1704.06266",
    archivePrefix = "arXiv",
    primaryClass = "hep-ph",
    reportNumber = "MIT-CTP-4987, MIT--CTP-4987",
    doi = "10.1007/JHEP09(2017)083",
    journal = "JHEP",
    volume = "09",
    pages = "083",
    year = "2017"
}

@article{Hannesdottir:2022rsl,
    author = "Hannesdottir, Holmfridur S. and Pathak, Aditya and Schwartz, Matthew D. and Stewart, Iain W.",
    title = "{Prospects for strong coupling measurement at hadron colliders using soft-drop jet mass}",
    eprint = "2210.04901",
    archivePrefix = "arXiv",
    primaryClass = "hep-ph",
    reportNumber = "MIT--CTP 5461, DESY--22--156, UWThPh 2022--15",
    doi = "10.1007/JHEP04(2023)087",
    journal = "JHEP",
    volume = "04",
    pages = "087",
    year = "2023"
}

@article{Lee:2024esz,
    author = "Lee, Kyle and Pathak, Aditya and Stewart, Iain and Sun, Zhiquan",
    title = "{Nonperturbative Effects in Energy Correlators: From Characterizing Confinement Transition to Improving $\alpha_s$ Extraction}",
    eprint = "2405.19396",
    archivePrefix = "arXiv",
    primaryClass = "hep-ph",
    reportNumber = "MIT-CTP 5711, DESY-24-064",
    month = "5",
    year = "2024"
}

@article{CMS:2024mlf,
    author = "Hayrapetyan, Aram and others",
    collaboration = "CMS",
    title = "{Measurement of Energy Correlators inside Jets and Determination of the Strong Coupling \ensuremath{\alpha}S(mZ)}",
    eprint = "2402.13864",
    archivePrefix = "arXiv",
    primaryClass = "hep-ex",
    reportNumber = "CMS-SMP-22-015, CERN-EP-2024-010",
    doi = "10.1103/PhysRevLett.133.071903",
    journal = "Phys. Rev. Lett.",
    volume = "133",
    number = "7",
    pages = "071903",
    year = "2024"
}

@article{Campbell:2022qmc,
    author = "Campbell, J. M. and others",
    title = "{Event generators for high-energy physics experiments}",
    eprint = "2203.11110",
    archivePrefix = "arXiv",
    primaryClass = "hep-ph",
    reportNumber = "CP3-22-12, DESY-22-042, FERMILAB-PUB-22-116-SCD-T, IPPP/21/51,
  JLAB-PHY-22-3576, KA-TP-04-2022, LA-UR-22-22126, LU-TP-22-12, MCNET-22-04,
  OUTP-22-03P, P3H-22-024, PITT-PACC 2207, UCI-TR-2022-02",
    doi = "10.21468/SciPostPhys.16.5.130",
    journal = "SciPost Phys.",
    volume = "16",
    number = "5",
    pages = "130",
    year = "2024"
}

@article{Dreyer:2021hhr,
    author = "Dreyer, Fr{\'e}d{\'e}ric A. and Soyez, Gregory and Takacs, Adam",
    title = "{Quarks and gluons in the {L}und plane}",
    eprint = "2112.09140",
    archivePrefix = "arXiv",
    primaryClass = "hep-ph",
    doi = "10.1007/JHEP08(2022)177",
    journal = "JHEP",
    volume = "08",
    pages = "177",
    year = "2022"
}

@article{Gehrmann-DeRidder:2005btv,
    author = "Gehrmann-De Ridder, A. and Gehrmann, T. and Glover, E. W. Nigel",
    title = "{Antenna subtraction at NNLO}",
    eprint = "hep-ph/0505111",
    archivePrefix = "arXiv",
    reportNumber = "ZU-TH-07-05, IPPP-05-18",
    doi = "10.1088/1126-6708/2005/09/056",
    journal = "JHEP",
    volume = "09",
    pages = "056",
    year = "2005"
}



@unpublished{Nagy:2020dvz,
    author = "Nagy, Zolt\'an and Soper, Davison E.",
    title = "{Summations by parton showers of large logarithms in electron-positron annihilation}",
    eprint = "2011.04777",
    archivePrefix = "arXiv",
    primaryClass = "hep-ph",
    reportNumber = "DESY 20-182, DESY-20-182",
    year = "2020"
}

@article{Forshaw:2020wrq,
    author = {Forshaw, Jeffrey R. and Holguin, Jack and Pl{\"a}tzer, Simon},
    title = "{Building a consistent parton shower}",
    eprint = "2003.06400",
    archivePrefix = "arXiv",
    primaryClass = "hep-ph",
    reportNumber = "MAN/HEP/2020/002, UWTHPH-2020-8, MCnet-20-11",
    doi = "10.1007/JHEP09(2020)014",
    journal = "JHEP",
    volume = "09",
    pages = "014",
    year = "2020"
}

@article{Herren:2022jej,
    author = {Herren, Florian and H{\"o}che, Stefan and Krauss, Frank and Reichelt, Daniel and Schoenherr, Marek},
    title = "{A new approach to color-coherent parton evolution}",
    eprint = "2208.06057",
    archivePrefix = "arXiv",
    primaryClass = "hep-ph",
    reportNumber = "FERMILAB-PUB-22-556-T, IPPP/22/58, MCNET-22-14",
    doi = "10.1007/JHEP10(2023)091",
    journal = "JHEP",
    volume = "10",
    pages = "091",
    year = "2023"
}

@article{Cacciari:2005hq,
    author = "Cacciari, Matteo and Salam, Gavin P.",
    title = "{Dispelling the $N^{3}$ myth for the $k_t$ jet-finder}",
    eprint = "hep-ph/0512210",
    archivePrefix = "arXiv",
    reportNumber = "LPTHE-05-32",
    doi = "10.1016/j.physletb.2006.08.037",
    journal = "Phys. Lett. B",
    volume = "641",
    pages = "57--61",
    year = "2006"
}
@article{Caletti:2022hnc,
    author = "Caletti, Simone and Larkoski, Andrew J. and Marzani, Simone and Reichelt, Daniel",
    title = "{Practical jet flavour through NNLO}",
    eprint = "2205.01109",
    archivePrefix = "arXiv",
    primaryClass = "hep-ph",
    reportNumber = "SLAC-PUB-17674, IPPP/22/27",
    doi = "10.1140/epjc/s10052-022-10568-7",
    journal = "Eur. Phys. J. C",
    volume = "82",
    number = "7",
    pages = "632",
    year = "2022"
}
@article{Gauld:2022lem,
    author = "Gauld, Rhorry and Huss, Alexander and Stagnitto, Giovanni",
    title = "{Flavor Identification of Reconstructed Hadronic Jets}",
    eprint = "2208.11138",
    archivePrefix = "arXiv",
    primaryClass = "hep-ph",
    reportNumber = "BONN-TH-2022-17, CERN-TH-2022-121, ZU-TH 31/22",
    doi = "10.1103/PhysRevLett.130.161901",
    journal = "Phys. Rev. Lett.",
    volume = "130",
    number = "16",
    pages = "161901",
    year = "2023",
    note = "[Erratum: Phys.Rev.Lett. 132, 159901 (2024)]"
}
@article{Czakon:2022wam,
    author = "Czakon, Michal and Mitov, Alexander and Poncelet, Rene",
    title = "{Infrared-safe flavoured anti-k$_{T}$ jets}",
    eprint = "2205.11879",
    archivePrefix = "arXiv",
    primaryClass = "hep-ph",
    reportNumber = "Cavendish-HEP-22/06, P3H-22-056, TTK-22-17",
    doi = "10.1007/JHEP04(2023)138",
    journal = "JHEP",
    volume = "04",
    pages = "138",
    year = "2023"
}
@article{Caola:2023wpj,
    author = "Caola, Fabrizio and Grabarczyk, Radoslaw and Hutt, Maxwell L. and Salam, Gavin P. and Scyboz, Ludovic and Thaler, Jesse",
    title = "{Flavored jets with exact anti-kt kinematics and tests of infrared and collinear safety}",
    eprint = "2306.07314",
    archivePrefix = "arXiv",
    primaryClass = "hep-ph",
    reportNumber = "MIT-CTP 5564, OUTP-23-06P",
    doi = "10.1103/PhysRevD.108.094010",
    journal = "Phys. Rev. D",
    volume = "108",
    number = "9",
    pages = "094010",
    year = "2023"
}
